<?xml version="1.0" encoding="UTF-8"?><collection xmlns="http://www.loc.gov/MARC21/slim"><record><leader>00379nam--2200145-i-4500</leader><controlfield tag="001">000005569</controlfield><controlfield tag="002">20161230</controlfield><controlfield tag="005">20170224011301</controlfield><controlfield tag="008">060222s1000------------r-----000-0-eng-d</controlfield><datafield ind1=" " ind2=" " tag="100"><subfield code="a">Ballou, N. E</subfield></datafield><datafield ind1=" " ind2=" " tag="245"><subfield code="a">The radiochemistry of molybdenum</subfield></datafield><datafield ind1=" " ind2=" " tag="260"><subfield code="a">Washington</subfield><subfield code="b">U.S.Atomic Energy Commission</subfield><subfield code="c">1960</subfield></datafield><datafield ind1=" " ind2=" " tag="300"><subfield code="a">38 p</subfield></datafield><datafield ind1=" " ind2=" " tag="700"><subfield code="a">Scadden, E. M</subfield></datafield><datafield ind1=" " ind2=" " tag="CAT"><subfield code="a">SYS</subfield><subfield code="c">20170224</subfield><subfield code="h">011301</subfield></datafield></record></collection>